@article{Luchini2020,
    doi = {10.12688/f1000research.22758.1},
    url = {https://doi.org/10.12688%2Ff1000research.22758.1},
    year = {2020},
    month = {apr},
    pages = {291},
    title = {
{GoodVibes}: automated thermochemistry for heterogeneous computational
chemistry data
},
    volume = {9},
    journal = {F1000Research},
    publisher = {F1000 Research Ltd},
    author = {
Guilian Luchini and Juan V. Alegre-Requena and Ignacio Funes-Ardoiz and
Robert S. Paton
}
}

@article{Ribeiro2011,
    doi = {10.1021/jp205508z},
    url = {https://doi.org/10.1021%2Fjp205508z},
    year = {2011},
    month = {nov},
    pages = {14556--14562},
    title = {
Use of Solution-Phase Vibrational Frequencies in Continuum Models for the
Free Energy of Solvation
},
    number = {49},
    volume = {115},
    journal = {The Journal of Physical Chemistry B},
    publisher = {American Chemical Society ({ACS})},
    author = {
Raphael F. Ribeiro and Aleksandr V. Marenich and Christopher J. Cramer and
Donald G. Truhlar
}
}

@article{Grimme2012,
    doi = {10.1002/chem.201200497},
    url = {https://doi.org/10.1002%2Fchem.201200497},
    year = {2012},
    month = {jul},
    pages = {9955--9964},
    title = {
Supramolecular Binding Thermodynamics by Dispersion-Corrected Density
Functional Theory
},
    number = {32},
    volume = {18},
    journal = {Chemistry - A European Journal},
    publisher = {Wiley},
    author = {Stefan Grimme}
}

@article{Li2015,
    doi = {10.1021/jp509921r},
    url = {https://doi.org/10.1021%2Fjp509921r},
    year = {2015},
    month = {jan},
    pages = {1840--1850},
    title = {
Improved Force-Field Parameters for {QM}/{MM} Simulations of the Energies of
Adsorption for Molecules in Zeolites and a Free Rotor Correction to the Rigid
Rotor Harmonic Oscillator Model for Adsorption Enthalpies
},
    number = {4},
    volume = {119},
    journal = {The Journal of Physical Chemistry C},
    publisher = {American Chemical Society ({ACS})},
    author = {
Yi-Pei Li and Joseph Gomes and Shaama Mallikarjun Sharada and Alexis T. Bell
and Martin Head-Gordon
}
}

@article{Tiefenthaler2023,
    doi = {10.1039/d2cp04172c},
    url = {https://doi.org/10.1039%2Fd2cp04172c},
    year = {2023},
    pages = {5361--5371},
    title = {Non-ergodic fragmentation upon collision-induced activation of
    cysteine{\textendash}water cluster cations
  },
    number = {7},
    volume = {25},
    journal = {Physical Chemistry Chemical Physics},
    publisher = {Royal Society of Chemistry ({RSC})},
    author = {Lukas Tiefenthaler and Paul Scheier and Ewa Erdmann and N{\'{e}}stor F.
    Aguirre and Sergio D{\'{\i}}az-Tendero and Thomas F. M. Luxford and Jaroslav
    Ko{\v{c}}i{\v{s}}ek
  }
}

@article{Manz2016,
    doi = {10.1039/c6ra04656h},
    url = {https://doi.org/10.1039%2Fc6ra04656h},
    year = {2016},
    pages = {47771--47801},
    title = {
Introducing {DDEC}6 atomic population analysis: part 1. Charge partitioning
theory and methodology
},
    number = {53},
    volume = {6},
    journal = {{RSC} Advances},
    publisher = {Royal Society of Chemistry ({RSC})},
    author = {Thomas A. Manz and Nidia Gabaldon Limas}
}

@article{Abbott2002,
    doi = {10.1039/b210714g},
    url = {https://doi.org/10.1039%2Fb210714g},
    year = {2002},
    month = {nov},
    pages = {70--71},
    title = {
Novel solvent properties of choline chloride/urea {mixturesElectronic}
supplementary information ({ESI}) available: spectroscopic data. See
http://www.rsc.org/suppdata/cc/b2/b210714g/
},
    number = {1},
    journal = {Chemical Communications},
    publisher = {Royal Society of Chemistry ({RSC})},
    author = {
Andrew P. Abbott and Glen Capper and David L. Davies and Raymond K. Rasheed
and Vasuki Tambyrajah
}
}

@article{tiefenthaler2023non,
    doi = {10.1039/d2cp04172c},
    url = {https://doi.org/10.1039%2Fd2cp04172c},
    year = {2023},
    pages = {5361--5371},
    title = {Non-ergodic fragmentation upon collision-induced activation of cysteine{\textendash}water cluster cations},
    number = {7},
    volume = {25},
    journal = {Physical Chemistry Chemical Physics},
    publisher = {Royal Society of Chemistry ({RSC})},
    author = {Lukas Tiefenthaler and Paul Scheier and Ewa Erdmann and N{\'{e}}stor F. Aguirre and Sergio D{\'{\i}}az-Tendero and Thomas F. M. Luxford and Jaroslav Ko{\v{c}}i{\v{s}}ek}
}

@article{Aguirre2017,
    doi = {10.1021/acs.jctc.6b00984},
    url = {https://doi.org/10.1021%2Facs.jctc.6b00984},
    year = {2017},
    month = {feb},
    pages = {992--1009},
    title = {
M$\less$sub$\greater$3$\less$/sub$\greater$C: A Computational Approach To
Describe Statistical Fragmentation of Excited Molecules and Clusters
},
    number = {3},
    volume = {13},
    journal = {Journal of Chemical Theory and Computation},
    publisher = {American Chemical Society ({ACS})},
    author = {
N{\'{e}}stor F. Aguirre and Sergio D{\'{\i}}az-Tendero and Paul-Antoine
Hervieux and Manuel Alcam{\'{\i}} and Fernando Mart{\'{\i}}n
}
}

@article{Percevault2021,
    doi = {10.1002/jms.4725},
    url = {https://doi.org/10.1002%2Fjms.4725},
    year = {2021},
    month = {apr},
    title = {
Cold-spray ionization mass spectrometry of the choline chloride-urea deep
eutectic solvent (reline)
},
    number = {5},
    volume = {56},
    journal = {Journal of Mass Spectrometry},
    publisher = {Wiley},
    author = {
Lucie Percevault and Thomas Delhaye and Alain Chaumont and Rachel Schurhammer
and Ludovic Paquin and David Rondeau
}
}

@online{ThermochemistryGaussian,
    url = {https://gaussian.com/thermo/},
    year = {NaN},
    title = {Thermochemistry in Gaussian | Gaussian.com},
    urldate = {2023-07-03}
}

@article{Grimme2016,
    doi = {10.1021/acs.chemrev.5b00533},
    url = {https://doi.org/10.1021%2Facs.chemrev.5b00533},
    year = {2016},
    month = {apr},
    pages = {5105--5154},
    title = {Dispersion-Corrected Mean-Field Electronic Structure Methods},
    number = {9},
    volume = {116},
    journal = {Chemical Reviews},
    publisher = {American Chemical Society ({ACS})},
    author = {
Stefan Grimme and Andreas Hansen and Jan Gerit Brandenburg and Christoph
Bannwarth
}
}

@article{Krettler2021,
    doi = {10.1093/bib/bbab073},
    url = {https://doi.org/10.1093%2Fbib%2Fbbab073},
    year = {2021},
    month = {mar},
    title = {A map of mass spectrometry-based $\less$i$\greater$in
    silico$\less$/i$\greater$ fragmentation prediction and compound
    identification in metabolomics
  },
    number = {6},
    volume = {22},
    journal = {Briefings in Bioinformatics},
    publisher = {Oxford University Press ({OUP})},
    author = {Christoph A Krettler and Gerhard G Thallinger}
}

@article{Thomas2017,
    doi = {10.1002/asia.201700406},
    url = {https://doi.org/10.1002%2Fasia.201700406},
    year = {2017},
    month = {may},
    pages = {1587--1597},
    title = {Hydrogen bond-Driven Self{\textendash}Assembly between Amidinium Cations and Carboxylate Anions: A Combined Molecular Dynamics, {NMR} Spectroscopy, and Single Crystal X-ray Diffraction Study},
    number = {13},
    volume = {12},
    journal = {Chemistry {\textendash} An Asian Journal},
    publisher = {Wiley},
    author = {Michael Thomas and Thomas Anglim{\hspace{0.25em}}Lagones and Martyna Judd and Mahbod Morshedi and Megan L. O{\textquotesingle}Mara and Nicholas G. White}
}

@article{Deng2020,
    doi = {10.1126/sciadv.aax9976},
    url = {https://doi.org/10.1126%2Fsciadv.aax9976},
    year = {2020},
    month = {jan},
    title = {$\uppi$-$\uppi$ stacking interactions: Non-negligible forces for stabilizing porous supramolecular frameworks},
    number = {2},
    volume = {6},
    journal = {Science Advances},
    publisher = {American Association for the Advancement of Science ({AAAS})},
    author = {Ji-Hua Deng and Jie Luo and Yue-Lei Mao and Shan Lai and Yun-Nan Gong and Di-Chang Zhong and Tong-Bu Lu}
}

@article{Yamaguchi2013,
    doi = {10.5702/massspectrometry.s0012},
    url = {https://doi.org/10.5702%2Fmassspectrometry.s0012},
    year = {2013},
    pages = {S0012--S0012},
    title = {Cold-Spray Ionization Mass Spectrometry: Applications in Structural Coordination Chemistry},
    number = {Special{\_}Issue},
    volume = {2},
    journal = {Mass Spectrometry},
    publisher = {The Mass Spectrometry Society of Japan},
    author = {Kentaro Yamaguchi}
}

@article{Pliego2003,
    doi = {10.1016/s0009-2614(02)01686-x},
    url = {http://dx.doi.org/10.1016/S0009-2614(02)01686-X},
    issn = {0009-2614},
    year = {2003},
    month = {January},
    pages = {145–149},
    title = {Thermodynamic cycles and the calculation of pKa},
    number = {1–2},
    volume = {367},
    journal = {Chemical Physics Letters},
    publisher = {Elsevier BV},
    author = {Pliego, Josefredo R.}
}

@article{Pracht2020,
    doi = {10.1039/c9cp06869d},
    url = {https://dx.doi.org/10.1039/c9cp06869d},
    issn = {1463-9076, 1463-9084},
    year = {2020},
    month = {undefined},
    pages = {7169--7192},
    title = {Automated exploration of the low-energy chemical space with fast quantum chemical methods},
    volume = {22},
    journal = {Physical Chemistry Chemical Physics},
    publisher = {Royal Society of Chemistry (RSC)},
    author = {Philipp Pracht and Fabian Bohle and Stefan Grimme}
}

@article{Grimme2021_Censo,
    doi = {10.1021/acs.jpca.1c00971},
    url = {http://dx.doi.org/10.1021/acs.jpca.1c00971},
    issn = {1520-5215},
    year = {2021},
    month = {mar},
    pages = {4039–4054},
    title = {Efficient Quantum Chemical Calculation of Structure Ensembles and Free Energies for Nonrigid Molecules},
    number = {19},
    volume = {125},
    journal = {The Journal of Physical Chemistry A},
    publisher = {American Chemical Society (ACS)},
    author = {Grimme, Stefan and Bohle, Fabian and Hansen, Andreas and Pracht, Philipp and Spicher, Sebastian and Stahn, Marcel}
}

@article{Neese2022_Orca,
    doi = {10.1002/wcms.1606},
    url = {http://dx.doi.org/10.1002/wcms.1606},
    issn = {1759-0884},
    year = {2022},
    month = {mar},
    title = {Software update: The <scp>ORCA</scp> program system—Version 5.0},
    number = {5},
    volume = {12},
    journal = {WIREs Computational Molecular Science},
    publisher = {Wiley},
    author = {Neese, Frank}
}

