%%Bibliography references for Experimental data of reline properties

@article{Lapena2020,
title = {A comprehensive study of the thermophysical properties of reline and hydrated reline},
journal = {Journal of Molecular Liquids},
volume = {303},
pages = {112679},
year = {2020},
issn = {0167-7322},
doi = {https://doi.org/10.1016/j.molliq.2020.112679},
url = {https://www.sciencedirect.com/science/article/pii/S0167732220300167},
author = {David Lapeña and Fernando Bergua and Laura Lomba and Beatriz Giner and Carlos Lafuente},
keywords = {Choline chloride, DES, Thermophysical characterization, Urea, Water}
}
@article{Agieienko2019,
author = {Agieienko, Vira and Buchner, Richard},
title = {Densities, Viscosities, and Electrical Conductivities of Pure Anhydrous Reline and Its Mixtures with Water in the Temperature Range (293.15 to 338.15) K},
journal = {Journal of Chemical \& Engineering Data},
volume = {64},
number = {11},
pages = {4763-4774},
year = {2019},
doi = {10.1021/acs.jced.9b00145},

URL = { 
        https://doi.org/10.1021/acs.jced.9b00145
    },
eprint = { 
        https://doi.org/10.1021/acs.jced.9b00145
    
}
}
@article{Dhingra2019,
title = {Effect of lithium chloride on the density and dynamic viscosity of choline chloride/urea deep eutectic solvent in the temperature range (303.15–358.15) K},
journal = {The Journal of Chemical Thermodynamics},
volume = {130},
pages = {166-172},
year = {2019},
issn = {0021-9614},
doi = {https://doi.org/10.1016/j.jct.2018.10.003},
url = {https://www.sciencedirect.com/science/article/pii/S0021961418303331},
author = {Divya Dhingra and  Bhawna and Siddharth Pandey},
keywords = {Deep eutectic solvents, LiCl, Density, Dynamic viscosity, Temperature dependence of density, Temperature dependence of dynamic viscosity}
}
@article{Komal2018,
author = {Komal and Singh, Gagandeep and Singh, Gurbir and Kang, Tejwant Singh},
title = {Aggregation Behavior of Sodium Dioctyl Sulfosuccinate in Deep Eutectic Solvents and Their Mixtures with Water: An Account of Solvent’s Polarity, Cohesiveness, and Solvent Structure},
journal = {ACS Omega},
volume = {3},
number = {10},
pages = {13387-13398},
year = {2018},
doi = {10.1021/acsomega.8b01637},
    note ={PMID: 31458052},
URL = { 
        https://doi.org/10.1021/acsomega.8b01637
    
},
eprint = { 
        https://doi.org/10.1021/acsomega.8b01637
    
}
}
@article{Mirza2017,
author = {Mirza, Nouman R. and Nicholas, Nathan J. and Wu, Yue and Smith, Kathryn H. and Kentish, Sandra E. and Stevens, Geoffrey W.},
title = {Viscosities and Carbon Dioxide Solubilities of Guanidine Carbonate and Malic Acid-Based Eutectic Solvents},
journal = {Journal of Chemical \& Engineering Data},
volume = {62},
number = {1},
pages = {348-354},
year = {2017},
doi = {10.1021/acs.jced.6b00680},

URL = { 
        https://doi.org/10.1021/acs.jced.6b00680
    
},
eprint = { 
        https://doi.org/10.1021/acs.jced.6b00680
    
}
}
@article{Jabbar2017,
author = {Nabil M. Abdel Jabbar and Farouq S. Mjalli},
title = {Ultrasonic study of binary aqueous mixtures of three common eutectic solvents},
journal = {Physics and Chemistry of Liquids},
volume = {57},
number = {1},
pages = {1-18},
year  = {2017},
publisher = {Taylor & Francis},
doi = {10.1080/00319104.2017.1385075},
URL = { 
        https://doi.org/10.1080/00319104.2017.1385075
},
eprint = { 
        https://doi.org/10.1080/00319104.2017.1385075
    
}
}
%@article{Troter2017, author = "Troter, Dragan Z. and Todorović, Zoran B. and Đokić-Stojanović, Dušica R. and Đorđević, Biljana S. and Todorović, Vanja and Konstantinović, Sandra S. and Veljković, Vlada B.", year = "2017", publisher = "Srpsko hemijsko društvo, Beograd", journal = "Journal of the Serbian Chemical Society", title = "The physicochemical and thermodynamic properties of the choline chloride-based deep eutectic solvents", volume = "82", number = "9", pages = "1039-1052", doi = "10.2298/JSC170225065T", url = "conv_4004" }
@article{Dietz2017,
author = {Dietz, Carin H. J. T. and Kroon, Maaike C. and van Sint Annaland, Martin and Gallucci, Fausto},
title = {Thermophysical Properties and Solubility of Different Sugar-Derived Molecules in Deep Eutectic Solvents},
journal = {Journal of Chemical \& Engineering Data},
volume = {62},
number = {11},
pages = {3633-3641},
year = {2017},
doi = {10.1021/acs.jced.7b00184},

URL = { 
        https://doi.org/10.1021/acs.jced.7b00184
    
},
eprint = { 
        https://doi.org/10.1021/acs.jced.7b00184
    
}
}
@article{Mjalli2016_1, 
author={Mjalli, F.S., Ahmed, O.U.},
title={ Characteristics and intermolecular interaction of eutectic binary mixtures: Reline and Glyceline.}, 
journal={ Korean J. Chem. Eng.}, 
volume= {33}, 
pages={337–343},
year ={2016}, 
url={ https://doi.org/10.1007/s11814-015-0134-7}
}

@article{Mjalli2016_2,
author = {Mjalli, Farouq S. and Ahmed, Omar Umar},
title = {Physical properties and intermolecular interaction of eutectic solvents binary mixtures: reline and ethaline},
journal = {Asia-Pacific Journal of Chemical Engineering},
volume = {11},
number = {4},
pages = {549-557},
keywords = {eutectic, reline, ethaline, molar volume, ionic liquids},
doi = {https://doi.org/10.1002/apj.1978},
url = {https://onlinelibrary.wiley.com/doi/abs/10.1002/apj.1978},
eprint = {https://onlinelibrary.wiley.com/doi/pdf/10.1002/apj.1978},
year = {2016}
}
@article{Chemat2016,
title = {Thermal and physical properties of (Choline chloride+urea+l-arginine) deep eutectic solvents},
journal = {Journal of Molecular Liquids},
volume = {218},
pages = {301-308},
year = {2016},
issn = {0167-7322},
doi = {https://doi.org/10.1016/j.molliq.2016.02.062},
url = {https://www.sciencedirect.com/science/article/pii/S0167732215310631},
author = {Fareeda Chemat and Hirra Anjum and Azmi Md Shariff and Perumal Kumar and Thanabalan Murugesan},
keywords = {Deep eutectic solvents, Choline chloride, Urea, -arginine, Thermal properties, Physical properties}
}
@article{Mjalli2014,
title = {Acoustic investigation of choline chloride based ionic liquids analogs},
journal = {Fluid Phase Equilibria},
volume = {381},
pages = {71-76},
year = {2014},
issn = {0378-3812},
doi = {https://doi.org/10.1016/j.fluid.2014.08.017},
url = {https://www.sciencedirect.com/science/article/pii/S0378381214004622},
author = {Farouq S. Mjalli and Nabil M. {Abdel Jabbar}},
keywords = {Deep eutectic solvents, Speed of sound, Ionic liquids, Surface tension, Density}
}
@article{Yadav2014,
author = {Yadav, Anita and Pandey, Siddharth},
title = {Densities and Viscosities of (Choline Chloride + Urea) Deep Eutectic Solvent and Its Aqueous Mixtures in the Temperature Range 293.15 K to 363.15 K},
journal = {Journal of Chemical \& Engineering Data},
volume = {59},
number = {7},
pages = {2221-2229},
year = {2014},
doi = {10.1021/je5001796},
URL = { 
        https://doi.org/10.1021/je5001796
    
},
eprint = { 
        https://doi.org/10.1021/je5001796
    
}
}
@article{Xie2014,
author = {Xie, Yujiao and Dong, Haifeng and Zhang, Suojiang and Lu, Xiaohua and Ji, Xiaoyan},
title = {Effect of Water on the Density, Viscosity, and CO2 Solubility in Choline Chloride/Urea},
journal = {Journal of Chemical \& Engineering Data},
volume = {59},
number = {11},
pages = {3344-3352},
year = {2014},
doi = {10.1021/je500320c},

URL = { 
        https://doi.org/10.1021/je500320c
    
},
eprint = { 
        https://doi.org/10.1021/je500320c
    
}
}
@article{Shah2014,
author ={Shah, Dhawal and Mjalli, Farouq S.},
title  ={Effect of water on the thermo-physical properties of Reline: An experimental and molecular simulation based approach},
journal  ={Phys. Chem. Chem. Phys.},
year  ={2014},
volume ={16},
issue  ={43},
pages  ={23900-23907},
publisher ={The Royal Society of Chemistry},
doi  ={10.1039/C4CP02600D},
url  ={http://dx.doi.org/10.1039/C4CP02600D},
}
@article{Leron2012_1, author = {Rhoda B. Leron and Meng-Hui Li},
title = {High-pressure density measurements for choline chloride: Urea deep eutectic solvent and its aqueous mixtures at T=(298.15 to 323.15)K and up to 50MPa},
journal = {The Journal of Chemical Thermodynamics},
volume = {54},
pages = {293-301},
year = {2012},
issn = {0021-9614},
doi = {https://doi.org/10.1016/j.jct.2012.05.008},
url = {https://www.sciencedirect.com/science/article/pii/S0021961412001978},
keywords = {Deep eutectic solvent, Excess molar volume, High-pressure density, Isobaric expansivity, Isothermal compressibility, Reline}
}
@article{Leron2012_2, author = {Rhoda B. Leron and Meng-Hui Li}, 
title = {Molar heat capacities of choline chloride-based deep eutectic solvents and their binary mixtures with water},
journal = {Thermochimica Acta},
volume = {530},
pages = {52-57},
year = {2012},
issn = {0040-6031},
doi = {https://doi.org/10.1016/j.tca.2011.11.036},
url = {https://www.sciencedirect.com/science/article/pii/S004060311100579X},
keywords = {Choline chloride, Deep eutectic solvents, Excess molar heat capacity, Molar heat capacity, Redlich–Kister equation}
}
@article{D'Agostino2011,
author ={D{'}Agostino, Carmine and Harris, Robert C. and Abbott, Andrew P. and Gladden, Lynn F. and Mantle, Mick D.},
title  ={Molecular motion and ion diffusion in choline chloride based deep eutectic solvents studied by 1H pulsed field gradient NMR spectroscopy},
journal  ={Phys. Chem. Chem. Phys.},
year  ={2011},
volume  ={13},
issue  ={48},
pages  ={21383-21391},
publisher  ={The Royal Society of Chemistry},
doi  ={10.1039/C1CP22554E},
url  ={http://dx.doi.org/10.1039/C1CP22554E}
}
@article{Su2009,
author = {Su, Wen Cheng and Wong, David Shan Hill and Li, Meng Hui},
title = {Effect of Water on Solubility of Carbon Dioxide in (Aminomethanamide + 2-Hydroxy-N,N,N-trimethylethanaminium Chloride)},
journal = {Journal of Chemical \& Engineering Data},
volume = {54},
number = {6},
pages = {1951-1955},
year = {2009},
doi = {10.1021/je900078k},

URL = { 
        https://doi.org/10.1021/je900078k
    },
eprint = { 
        https://doi.org/10.1021/je900078k
    }
}

@article{Gilmore2019,
author = {Gilmore, Mark and Swadzba-Kwasny, Malgorzata and Holbrey, John D.},
title = {Thermal Properties of Choline Chloride/Urea System Studied under Moisture-Free Atmosphere},
journal = {Journal of Chemical \& Engineering Data},
volume = {64},
number = {12},
pages = {5248-5255},
year = {2019},
doi = {10.1021/acs.jced.9b00474},

URL = { 
        https://doi.org/10.1021/acs.jced.9b00474
    
},
eprint = { 
        https://doi.org/10.1021/acs.jced.9b00474
}
}
@Article{Abbott2003,
author ="Abbott, Andrew P. and Capper, Glen and Davies, David L. and Rasheed, Raymond K. and Tambyrajah, Vasuki",
title  ="Novel solvent properties of choline chloride/urea mixtures",
journal  ="Chem. Commun.",
year  ="2003",
issue  ="1",
pages  ="70-71",
publisher  ="The Royal Society of Chemistry",
doi  ="10.1039/B210714G",
url  ="http://dx.doi.org/10.1039/B210714G",
abstract  ="Eutectic mixtures of urea and a range of quaternary ammonium salts are liquid at ambient temperatures and have interesting solvent properties."}
